@ARTICLE{1993ApJ...416L..71W,
   author = {{Widrow}, L.~M. and {Kaiser}, N.},
    title = "{Using the Schroedinger Equation to Simulate Collisionless Matter}",
  journal = {Astrophysical Journal Letters},
 keywords = {COSMOLOGY: DARK MATTER, GALAXIES: KINEMATICS AND DYNAMICS, METHODS: NUMERICAL},
     year = 1993,
    month = oct,
   volume = 416,
    pages = {L71},
      doi = {10.1086/187073},
   adsurl = {http://adsabs.harvard.edu/abs/1993ApJ...416L..71W},
  adsnote = {Provided by the SAO/NASA Astrophysics Data System}
}

@article{Widrow:1996eq,
      author         = "Widrow, Lawrence M.",
      title          = "{Modeling collisionless matter in general relativity: A
                        New numerical technique}",
      journal        = "Phys.Rev.",
      volume         = "D55",
      pages          = "5997-6001",
      doi            = "10.1103/PhysRevD.55.5997",
      year           = "1997",
      eprint         = "astro-ph/9607124",
      archivePrefix  = "arXiv",
      primaryClass   = "astro-ph",
      SLACcitation   = "%%CITATION = ASTRO-PH/9607124;%%",
}

@article{Uhlemann:2014npa,
      author         = "Uhlemann, Cora and Kopp, Michael and Haugg, Thomas",
      title          = "{Schr\"odinger method as N-body double and UV completion
                        of dust}",
      year           = "2014",
      eprint         = "1403.5567",
      archivePrefix  = "arXiv",
      primaryClass   = "astro-ph.CO",
      SLACcitation   = "%%CITATION = ARXIV:1403.5567;%%",
}